
@incollection{zitnick_edge_2014,
  title = {Edge Boxes: {{Locating}} Object Proposals from Edges},
  url = {http://link.springer.com/chapter/10.1007/978-3-319-10602-1_26},
  shorttitle = {Edge Boxes},
  timestamp = {2015-06-14T01:55:52Z},
  booktitle = {Computer {{Vision}}–{{ECCV}} 2014},
  publisher = {{Springer}},
  author = {Zitnick, C. Lawrence and Dollár, Piotr},
  urldate = {2015-05-20},
  date = {2014},
  pages = {391--405},
  note = {00000},
  file = {Zitnick_Dollár_2014_Edge boxes.pdf:/home/jlowens/.zotero/zotero/twqp5xzs.default/zotero/storage/4X5RZ5GJ/Zitnick_Dollár_2014_Edge boxes.pdf:application/pdf}
}

@inproceedings{trevor_efficient_2013,
  title = {Efficient {{Organized Point Cloud Segmentation}} with {{Connected Components}}},
  url = {http://www.cc.gatech.edu/~atrevor/resources/publications/spme_2013_segmentation.pdf},
  timestamp = {2014-04-30T12:05:28Z},
  booktitle = {3rd {{Workshop}} on {{Semantic Perception Mapping}} and {{Exploration}} ({{SPME}}), {{Karlsruhe}}, {{Germany}}},
  author = {Trevor, A. and Gedikli, Suat and Rusu, R. and Christensen, H.},
  urldate = {2014-04-25},
  date = {2013},
  note = {00003},
  file = {Trevor et al_2013_Efficient Organized Point Cloud Segmentation with Connected Components.pdf:/home/jlowens/.zotero/zotero/twqp5xzs.default/zotero/storage/Z9RFXXPM/Trevor et al_2013_Efficient Organized Point Cloud Segmentation with Connected Components.pdf:application/pdf}
}

@article{girshick_fast_2015,
  title = {Fast {{R}}-{{CNN}}},
  url = {http://arxiv.org/abs/1504.08083},
  abstract = {This paper proposes Fast R-CNN, a clean and fast framework for object detection. Compared to traditional R-CNN, and its accelerated version SPPnet, Fast R-CNN trains networks using a multi-task loss in a single training stage. The multi-task loss simplifies learning and improves detection accuracy. Unlike SPPnet, all network layers can be updated during fine-tuning. We show that this difference has practical ramifications for very deep networks, such as VGG16, where mAP suffers when only the fully-connected layers are updated. Compared to "slow" R-CNN, Fast R-CNN is 9x faster at training VGG16 for detection, 213x faster at test-time, and achieves a significantly higher mAP on PASCAL VOC 2012. Compared to SPPnet, Fast R-CNN trains VGG16 3x faster, tests 10x faster, and is more accurate. Fast R-CNN is implemented in Python and C++ and is available under the open-source MIT License at https://github.com/rbgirshick/fast-rcnn},
  timestamp = {2015-06-14T01:57:47Z},
  archivePrefix = {arXiv},
  eprinttype = {arxiv},
  eprint = {1504.08083},
  primaryClass = {cs},
  author = {Girshick, Ross},
  urldate = {2015-06-13},
  date = {2015-04-30},
  note = {00000},
  keywords = {Computer Science - Computer Vision and Pattern Recognition},
  file = {arXiv\:1504.08083 PDF:/home/jlowens/.zotero/zotero/twqp5xzs.default/zotero/storage/RCJPEPWH/Girshick - 2015 - Fast R-CNN.pdf:application/pdf;arXiv.org Snapshot:/home/jlowens/.zotero/zotero/twqp5xzs.default/zotero/storage/ZRWU5ZQF/1504.html:text/html}
}

@article{wu_3d_2014,
  title = {{{3D ShapeNets}} for 2.5 {{D}} Object Recognition and {{Next}}-{{Best}}-{{View}} Prediction},
  url = {http://arxiv.org/abs/1406.5670},
  timestamp = {2015-06-14T01:59:34Z},
  journaltitle = {arXiv preprint arXiv:1406.5670},
  author = {Wu, Zhirong and Song, Shuran and Khosla, Aditya and Tang, Xiaoou and Xiao, Jianxiong},
  urldate = {2014-08-20},
  date = {2014},
  note = {00000},
  file = {Wu et al_2014_3D ShapeNets for 2.pdf:/home/jlowens/.zotero/zotero/twqp5xzs.default/zotero/storage/DIKQUJ7B/Wu et al_2014_3D ShapeNets for 2.pdf:application/pdf}
}

@article{Henry2012,
  title = {{{RGB}}-{{D}} Mapping: {{Using Kinect}}-Style Depth Cameras for Dense {{3D}} Modeling of Indoor Environments},
  volume = {31},
  issn = {0278-3649, 1741-3176},
  url = {http://ijr.sagepub.com/cgi/content/abstract/31/5/647},
  doi = {10.1177/0278364911434148},
  shorttitle = {{{RGB}}-{{D}} Mapping},
  abstract = {RGB-D cameras (such as the Microsoft Kinect) are novel sensing systems that capture RGB images along with per-pixel depth information. In this paper we investigate how such cameras can be used for building dense 3D maps of indoor environments. Such maps have applications in robot navigation, manipulation, semantic mapping, and telepresence. We present RGB-D Mapping, a full 3D mapping system that utilizes a novel joint optimization algorithm combining visual features and shape-based alignment. Visual and depth information are also combined for view-based loop-closure detection, followed by pose optimization to achieve globally consistent maps. We evaluate RGB-D Mapping on two large indoor environments, and show that it effectively combines the visual and shape information available from RGB-D cameras.},
  timestamp = {2014-01-07T21:57:51Z},
  number = {5},
  journaltitle = {The International Journal of Robotics Research},
  author = {Henry, Peter and Krainin, Michael and Herbst, Evan and Ren, Xiaofeng and Fox, Dieter},
  date = {2012-04-01},
  pages = {647--663},
  file = {Henry et al_2012_RGB-D mapping.pdf:/home/jlowens/.zotero/zotero/twqp5xzs.default/zotero/storage/24NBWA64/Henry et al_2012_RGB-D mapping.pdf:application/pdf;Henry et al_2012_RGB-D mapping.pdf:/home/jlowens/.zotero/zotero/twqp5xzs.default/zotero/storage/6FG9RWJ2/Henry et al_2012_RGB-D mapping.pdf:application/pdf}
}

@incollection{krahenbuhl_geodesic_2014,
  title = {Geodesic Object Proposals},
  url = {http://link.springer.com/chapter/10.1007/978-3-319-10602-1_47},
  timestamp = {2015-12-28T18:20:42Z},
  booktitle = {Computer {{Vision}}–{{ECCV}} 2014},
  publisher = {{Springer}},
  author = {Krähenbühl, Philipp and Koltun, Vladlen},
  urldate = {2015-12-28},
  date = {2014},
  pages = {725--739},
  file = {gop.pdf:/home/jlowens/.zotero/zotero/twqp5xzs.default/zotero/storage/97INJAX8/gop.pdf:application/pdf}
}

@inproceedings{kootstra_gestalt_2011,
  title = {Gestalt Principles for Attention and Segmentation in Natural and Artificial Vision Systems},
  url = {http://www.diva-portal.org/smash/record.jsf?pid=diva2:454636},
  timestamp = {2016-10-18T21:43:31Z},
  booktitle = {{{ICRA}} 2011 {{Workshop}} on {{Semantic Perception}}, {{Mapping}} and {{Exploration}} ({{SPME}}), {{Shanghai}}, {{China}}},
  publisher = {{eSMCs}},
  author = {Kootstra, Gert and Bergström, Niklas and Kragic, Danica},
  urldate = {2016-10-18},
  date = {2011},
  file = {Kootstra et al_2011_Gestalt principles for attention and segmentation in natural and artificial.pdf:/home/jlowens/.zotero/zotero/twqp5xzs.default/zotero/storage/QA9Q7T6K/Kootstra et al_2011_Gestalt principles for attention and segmentation in natural and artificial.pdf:application/pdf}
}

@inproceedings{kootstra_fast_2011,
  title = {Fast and Bottom-up Object Detection, Segmentation, and Evaluation Using {{Gestalt}} Principles},
  url = {http://ieeexplore.ieee.org/xpls/abs_all.jsp?arnumber=5980410},
  timestamp = {2016-10-26T18:21:52Z},
  booktitle = {Robotics and {{Automation}} ({{ICRA}}), 2011 {{IEEE International Conference}} On},
  publisher = {{IEEE}},
  author = {Kootstra, Gert and Kragic, Danica},
  urldate = {2016-10-26},
  date = {2011},
  pages = {3423--3428},
  file = {Kootstra_Kragic_2011_Fast and bottom-up object detection, segmentation, and evaluation using Gestalt.pdf:/home/jlowens/.zotero/zotero/twqp5xzs.default/zotero/storage/FM53TIAP/Kootstra_Kragic_2011_Fast and bottom-up object detection, segmentation, and evaluation using Gestalt.pdf:application/pdf}
}

@inproceedings{kootstra_fast_2010,
  title = {Fast and Automatic Detection and Segmentation of Unknown Objects},
  url = {http://ieeexplore.ieee.org/xpls/abs_all.jsp?arnumber=5686837},
  timestamp = {2016-10-26T18:22:01Z},
  booktitle = {2010 10th {{IEEE}}-{{RAS International Conference}} on {{Humanoid Robots}}},
  publisher = {{IEEE}},
  author = {Kootstra, Gert and Bergström, Niklas and Kragic, Danica},
  urldate = {2016-10-26},
  date = {2010},
  pages = {442--447},
  file = {Kootstra et al_2010_Fast and automatic detection and segmentation of unknown objects.pdf:/home/jlowens/.zotero/zotero/twqp5xzs.default/zotero/storage/SUDIGADX/Kootstra et al_2010_Fast and automatic detection and segmentation of unknown objects.pdf:application/pdf}
}

@inproceedings{kootstra_using_2010,
  title = {Using Symmetry to Select Fixation Points for Segmentation},
  url = {http://ieeexplore.ieee.org/xpls/abs_all.jsp?arnumber=5597580},
  timestamp = {2016-10-26T18:22:14Z},
  booktitle = {Pattern {{Recognition}} ({{ICPR}}), 2010 20th {{International Conference}} On},
  publisher = {{IEEE}},
  author = {Kootstra, Gert and Bergstrom, Niklas and Kragic, Danica},
  urldate = {2016-10-26},
  date = {2010},
  pages = {3894--3897},
  file = {Kootstra et al_2010_Using symmetry to select fixation points for segmentation.pdf:/home/jlowens/.zotero/zotero/twqp5xzs.default/zotero/storage/VH8P7CFA/Kootstra et al_2010_Using symmetry to select fixation points for segmentation.pdf:application/pdf}
}

@article{reisfeld_context_1995,
  title = {Context {{Free Attentional Operators}}: The {{Generalized Symmetry Transform}}},
  volume = {14},
  timestamp = {2016-11-15T18:32:44Z},
  journaltitle = {Int. J. Comput. Vision},
  author = {Reisfeld, Daniel and Wolfson, Haim and Yeshurun, Yehezkel},
  date = {1995},
  pages = {119--130},
  file = {07ac6ef9cc85db67d4bd5028cdca78c711bd.pdf:/home/jlowens/.zotero/zotero/twqp5xzs.default/zotero/storage/IQ8DR7JJ/07ac6ef9cc85db67d4bd5028cdca78c711bd.pdf:application/pdf}
}

@inproceedings{reisfeld_robust_1992,
  title = {Robust Detection of Facial Features by Generalized Symmetry},
  isbn = {978-0-8186-2910-5},
  url = {http://ieeexplore.ieee.org/document/201521/},
  doi = {10.1109/ICPR.1992.201521},
  timestamp = {2016-11-15T20:11:18Z},
  publisher = {{IEEE Comput. Soc. Press}},
  author = {Reisfeld, D. and Yeshurun, Y.},
  urldate = {2016-11-15},
  date = {1992},
  pages = {117--120},
  file = {Reisfeld_Yeshurun_1992_Robust detection of facial features by generalized symmetry.pdf:/home/jlowens/.zotero/zotero/twqp5xzs.default/zotero/storage/KE5X7HAZ/Reisfeld_Yeshurun_1992_Robust detection of facial features by generalized symmetry.pdf:application/pdf}
}

@inproceedings{thrun_shape_2005,
  title = {Shape from Symmetry},
  volume = {2},
  url = {http://ieeexplore.ieee.org/xpls/abs_all.jsp?arnumber=1544938},
  timestamp = {2016-11-28T17:11:49Z},
  booktitle = {Tenth {{IEEE International Conference}} on {{Computer Vision}} ({{ICCV}}'05) {{Volume}} 1},
  publisher = {{IEEE}},
  author = {Thrun, Sebastian and Wegbreit, Ben},
  urldate = {2016-11-28},
  date = {2005},
  pages = {1824--1831},
  file = {Thrun_Wegbreit_2005_Shape from symmetry.pdf:/home/jlowens/.zotero/zotero/twqp5xzs.default/zotero/storage/4XH2AFWI/Thrun_Wegbreit_2005_Shape from symmetry.pdf:application/pdf}
}

@article{li_tutorial_2012,
  title = {A Tutorial Explaining a Machine Vision Model That Emulates Human Performance When It Recovers Natural {{3D}} Scenes from {{2D}} Images},
  volume = {56},
  issn = {00222496},
  url = {http://linkinghub.elsevier.com/retrieve/pii/S0022249612000739},
  doi = {10.1016/j.jmp.2012.07.001},
  timestamp = {2016-12-03T21:16:44Z},
  langid = {english},
  number = {4},
  journaltitle = {Journal of Mathematical Psychology},
  author = {Li, Yunfeng and Sawada, Tadamasa and Latecki, Longin Jan and Steinman, Robert M. and Pizlo, Zygmunt},
  urldate = {2016-12-03},
  date = {2012-08},
  pages = {217--231},
  file = {Li et al_2012_A tutorial explaining a machine vision model that emulates human performance.pdf:/home/jlowens/.zotero/zotero/twqp5xzs.default/zotero/storage/7BMC72CU/Li et al_2012_A tutorial explaining a machine vision model that emulates human performance.pdf:application/pdf}
}

@incollection{dickinson_symmetry_2013,
  location = {{London}},
  title = {Symmetry {{Is}} the Sine qua Non of {{Shape}}},
  isbn = {978-1-4471-5194-4 978-1-4471-5195-1},
  url = {http://link.springer.com/10.1007/978-1-4471-5195-1_2},
  timestamp = {2016-12-04T21:51:15Z},
  booktitle = {Shape {{Perception}} in {{Human}} and {{Computer Vision}}},
  publisher = {{Springer London}},
  author = {Li, Yunfeng and Sawada, Tadamasa and Shi, Yun and Steinman, Robert M. and Pizlo, Zygmunt},
  editor = {Dickinson, Sven J. and Pizlo, Zygmunt},
  urldate = {2016-12-04},
  date = {2013},
  pages = {21--40},
  file = {Li et al_2013_Symmetry Is the sine qua non of Shape.pdf:/home/jlowens/.zotero/zotero/twqp5xzs.default/zotero/storage/XGGMZKFF/Li et al_2013_Symmetry Is the sine qua non of Shape.pdf:application/pdf}
}

@incollection{townsend_shape_2015,
  title = {Shape {{Perception}}},
  isbn = {978-0-19-995799-6},
  url = {http://www.oxfordhandbooks.com/view/10.1093/oxfordhb/9780199957996.001.0001/oxfordhb-9780199957996-e-12},
  timestamp = {2016-12-04T21:54:15Z},
  booktitle = {The {{Oxford Handbook}} of {{Computational}} and {{Mathematical Psychology}}},
  publisher = {{Oxford University Press}},
  author = {Townsend, James T. and Busemeyer, Jerome R. and Sawada, Tadamasa and Li, Yunfeng and Pizlo, Zygmunt},
  editor = {Townsend, James T. and Busemeyer, Jerome R.},
  urldate = {2016-12-04},
  date = {2015-01-01},
  file = {oxfordhb-9780199957996-e-12.pdf:/home/jlowens/.zotero/zotero/twqp5xzs.default/zotero/storage/WK535Q8N/oxfordhb-9780199957996-e-12.pdf:application/pdf}
}

@article{sawada_visual_2010,
  title = {Visual Detection of Symmetry of {{3D}} Shapes},
  volume = {10},
  issn = {1534-7362},
  url = {http://jov.arvojournals.org/Article.aspx?doi=10.1167/10.6.4},
  doi = {10.1167/10.6.4},
  timestamp = {2016-12-04T21:57:24Z},
  langid = {english},
  number = {6},
  journaltitle = {Journal of Vision},
  author = {Sawada, T.},
  urldate = {2016-12-04},
  date = {2010-06-04},
  pages = {4--4},
  file = {jov-10-6-4.pdf:/home/jlowens/.zotero/zotero/twqp5xzs.default/zotero/storage/EXH5XSQ3/jov-10-6-4.pdf:application/pdf}
}

@article{sawada_any_2011,
  title = {Any {{Pair}} of {{2D Curves Is Consistent}} with a {{3D Symmetric Interpretation}}},
  volume = {3},
  issn = {2073-8994},
  url = {http://www.mdpi.com/2073-8994/3/2/365/},
  doi = {10.3390/sym3020365},
  timestamp = {2016-12-04T21:58:28Z},
  langid = {english},
  number = {4},
  journaltitle = {Symmetry},
  author = {Sawada, Tadamasa and Li, Yunfeng and Pizlo, Zygmunt},
  urldate = {2016-12-04},
  date = {2011-06-10},
  pages = {365--388},
  file = {symmetry-03-00365-v2.pdf:/home/jlowens/.zotero/zotero/twqp5xzs.default/zotero/storage/C6K2QJUS/symmetry-03-00365-v2.pdf:application/pdf}
}

@article{li_efficient_2016,
  title = {Efficient {{3D}} Reflection Symmetry Detection: {{A}} View-Based Approach},
  volume = {83},
  issn = {15240703},
  url = {http://linkinghub.elsevier.com/retrieve/pii/S1524070315000417},
  doi = {10.1016/j.gmod.2015.09.003},
  shorttitle = {Efficient {{3D}} Reflection Symmetry Detection},
  timestamp = {2016-12-04T22:03:50Z},
  langid = {english},
  journaltitle = {Graphical Models},
  author = {Li, Bo and Johan, Henry and Ye, Yuxiang and Lu, Yijuan},
  urldate = {2016-12-04},
  date = {2016-01},
  pages = {2--14},
  file = {1-s2.0-S1524070315000417-main.pdf:/home/jlowens/.zotero/zotero/twqp5xzs.default/zotero/storage/27TFXZSJ/1-s2.0-S1524070315000417-main.pdf:application/pdf}
}

@article{mignotte_symmetry_2016,
  title = {Symmetry Detection Based on Multiscale Pairwise Texture Boundary Segment Interactions},
  volume = {74},
  issn = {01678655},
  url = {http://linkinghub.elsevier.com/retrieve/pii/S016786551600026X},
  doi = {10.1016/j.patrec.2016.01.014},
  timestamp = {2016-12-04T22:04:35Z},
  langid = {english},
  journaltitle = {Pattern Recognition Letters},
  author = {Mignotte, Max},
  urldate = {2016-12-04},
  date = {2016-04},
  pages = {53--60},
  file = {1-s2.0-S016786551600026X-main.pdf:/home/jlowens/.zotero/zotero/twqp5xzs.default/zotero/storage/CI5IR983/1-s2.0-S016786551600026X-main.pdf:application/pdf}
}

@article{sanchez-riera_comparative_2016,
  title = {A Comparative Study of Data Fusion for {{RGB}}-{{D}} Based Visual Recognition},
  volume = {73},
  issn = {01678655},
  url = {http://linkinghub.elsevier.com/retrieve/pii/S0167865515004298},
  doi = {10.1016/j.patrec.2015.12.006},
  timestamp = {2016-12-04T22:06:09Z},
  langid = {english},
  journaltitle = {Pattern Recognition Letters},
  author = {Sanchez-Riera, Jordi and Hua, Kai-Lung and Hsiao, Yuan-Sheng and Lim, Tekoing and Hidayati, Shintami C. and Cheng, Wen-Huang},
  urldate = {2016-12-04},
  date = {2016-04},
  pages = {1--6},
  file = {1-s2.0-S0167865515004298-main.pdf:/home/jlowens/.zotero/zotero/twqp5xzs.default/zotero/storage/K3KESX7X/1-s2.0-S0167865515004298-main.pdf:application/pdf}
}

@article{pizlo_new_2010,
  title = {New Approach to the Perception of {{3D}} Shape Based on Veridicality, Complexity, Symmetry and Volume},
  volume = {50},
  issn = {00426989},
  url = {http://linkinghub.elsevier.com/retrieve/pii/S0042698909004520},
  doi = {10.1016/j.visres.2009.09.024},
  timestamp = {2016-12-04T22:11:10Z},
  langid = {english},
  number = {1},
  journaltitle = {Vision Research},
  author = {Pizlo, Zygmunt and Sawada, Tadamasa and Li, Yunfeng and Kropatsch, Walter G. and Steinman, Robert M.},
  urldate = {2016-12-04},
  date = {2010-01},
  pages = {1--11},
  file = {1-s2.0-S0042698909004520-main.pdf:/home/jlowens/.zotero/zotero/twqp5xzs.default/zotero/storage/CRZS4EA2/1-s2.0-S0042698909004520-main.pdf:application/pdf}
}

@article{li_computational_2009,
  title = {A Computational Model That Recovers the {{3D}} Shape of an Object from a Single {{2D}} Retinal Representation},
  volume = {49},
  issn = {00426989},
  url = {http://linkinghub.elsevier.com/retrieve/pii/S0042698908002782},
  doi = {10.1016/j.visres.2008.05.013},
  timestamp = {2016-12-04T22:12:19Z},
  langid = {english},
  number = {9},
  journaltitle = {Vision Research},
  author = {Li, Yunfeng and Pizlo, Zygmunt and Steinman, Robert M.},
  urldate = {2016-12-04},
  date = {2009-05},
  pages = {979--991},
  file = {1-s2.0-S0042698908002782-main.pdf:/home/jlowens/.zotero/zotero/twqp5xzs.default/zotero/storage/S9R6ARIH/1-s2.0-S0042698908002782-main.pdf:application/pdf}
}

@article{di_luca_inconsistency_2010,
  title = {Inconsistency of Perceived {{3D}} Shape},
  volume = {50},
  issn = {00426989},
  url = {http://linkinghub.elsevier.com/retrieve/pii/S0042698910002270},
  doi = {10.1016/j.visres.2010.05.006},
  timestamp = {2016-12-04T22:13:13Z},
  langid = {english},
  number = {16},
  journaltitle = {Vision Research},
  author = {Di Luca, M. and Domini, F. and Caudek, C.},
  urldate = {2016-12-04},
  date = {2010-07},
  pages = {1519--1531},
  file = {1-s2.0-S0042698910002270-main.pdf:/home/jlowens/.zotero/zotero/twqp5xzs.default/zotero/storage/EC2UJII8/1-s2.0-S0042698910002270-main.pdf:application/pdf}
}

@article{pizlo_new_2005,
  title = {A New Look at Binocular Stereopsis},
  volume = {45},
  issn = {00426989},
  url = {http://linkinghub.elsevier.com/retrieve/pii/S0042698905001100},
  doi = {10.1016/j.visres.2005.02.011},
  timestamp = {2016-12-04T22:13:43Z},
  langid = {english},
  number = {17},
  journaltitle = {Vision Research},
  author = {Pizlo, Zygmunt and Li, Yunfeng and Francis, Gregory},
  urldate = {2016-12-04},
  date = {2005-08},
  pages = {2244--2255},
  file = {1-s2.0-S0042698905001100-main.pdf:/home/jlowens/.zotero/zotero/twqp5xzs.default/zotero/storage/866QS3T9/1-s2.0-S0042698905001100-main.pdf:application/pdf}
}

@article{ceylan_coupled_2014,
  title = {Coupled Structure-from-Motion and {{3D}} Symmetry Detection for Urban Facades},
  volume = {33},
  issn = {07300301},
  url = {http://dl.acm.org/citation.cfm?doid=2577382.2517348},
  doi = {10.1145/2517348},
  timestamp = {2016-12-04T22:15:29Z},
  langid = {english},
  number = {1},
  journaltitle = {ACM Transactions on Graphics},
  author = {Ceylan, Duygu and Mitra, Niloy J. and Zheng, Youyi and Pauly, Mark},
  urldate = {2016-12-04},
  date = {2014-02-07},
  pages = {1--15},
  file = {a2-ceylan.pdf:/home/jlowens/.zotero/zotero/twqp5xzs.default/zotero/storage/KIC6XCH7/a2-ceylan.pdf:application/pdf}
}

@article{plumed_detecting_2016,
  title = {Detecting Mirror Symmetry in Single-View Wireframe Sketches of Polyhedral Shapes},
  volume = {59},
  issn = {00978493},
  url = {http://linkinghub.elsevier.com/retrieve/pii/S0097849316300565},
  doi = {10.1016/j.cag.2016.05.013},
  timestamp = {2016-12-04T22:17:59Z},
  langid = {english},
  journaltitle = {Computers \& Graphics},
  author = {Plumed, Raquel and Company, Pedro and Varley, Peter A.C.},
  urldate = {2016-12-04},
  date = {2016-10},
  pages = {1--12},
  file = {1-s2.0-S0097849316300565-main.pdf:/home/jlowens/.zotero/zotero/twqp5xzs.default/zotero/storage/BRIXHSW2/1-s2.0-S0097849316300565-main.pdf:application/pdf}
}

@article{sfikas_rosy+:_2011,
  title = {{{ROSy}}+: {{3D Object Pose Normalization Based}} on {{PCA}} and {{Reflective Object Symmetry}} with {{Application}} in {{3D Object Retrieval}}},
  volume = {91},
  issn = {0920-5691, 1573-1405},
  url = {http://link.springer.com/10.1007/s11263-010-0395-x},
  doi = {10.1007/s11263-010-0395-x},
  shorttitle = {{{ROSy}}+},
  timestamp = {2016-12-04T22:19:33Z},
  langid = {english},
  number = {3},
  journaltitle = {International Journal of Computer Vision},
  author = {Sfikas, Konstantinos and Theoharis, Theoharis and Pratikakis, Ioannis},
  urldate = {2016-12-04},
  date = {2011-02},
  pages = {262--279},
  file = {out (1).pdf:/home/jlowens/.zotero/zotero/twqp5xzs.default/zotero/storage/Q2PJKDMI/out (1).pdf:application/pdf}
}

@inproceedings{koser_dense_2011,
  title = {Dense 3d Reconstruction of Symmetric Scenes from a Single Image},
  url = {http://link.springer.com/chapter/10.1007/978-3-642-23123-0_27},
  timestamp = {2016-12-04T22:20:57Z},
  booktitle = {Joint {{Pattern Recognition Symposium}}},
  publisher = {{Springer}},
  author = {Köser, Kevin and Zach, Christopher and Pollefeys, Marc},
  urldate = {2016-12-04},
  date = {2011},
  pages = {266--275},
  file = {chp%3A10.1007%2F978-3-642-23123-0_27.pdf:/home/jlowens/.zotero/zotero/twqp5xzs.default/zotero/storage/G8FJBK3R/chp%3A10.1007%2F978-3-642-23123-0_27.pdf:application/pdf}
}

@article{li_depth_2011,
  title = {Depth {{Cues Versus}} the {{Simplicity Principle}} in {{3D Shape Perception}}},
  volume = {3},
  issn = {17568757},
  url = {http://doi.wiley.com/10.1111/j.1756-8765.2011.01155.x},
  doi = {10.1111/j.1756-8765.2011.01155.x},
  timestamp = {2016-12-04T22:21:46Z},
  langid = {english},
  number = {4},
  journaltitle = {Topics in Cognitive Science},
  author = {Li, Yunfeng and Pizlo, Zygmunt},
  urldate = {2016-12-04},
  date = {2011-10},
  pages = {667--685},
  file = {Li_et_al-2011-Topics_in_Cognitive_Science.pdf:/home/jlowens/.zotero/zotero/twqp5xzs.default/zotero/storage/QIA9SAWJ/Li_et_al-2011-Topics_in_Cognitive_Science.pdf:application/pdf}
}

@article{martinet_accurate_2006,
  title = {Accurate {{Detection}} of {{Symmetries}} in {{3D Shapes}}},
  volume = {25},
  issn = {0730-0301},
  url = {http://doi.acm.org/10.1145/1138450.1138462},
  doi = {10.1145/1138450.1138462},
  timestamp = {2016-12-04T22:24:31Z},
  number = {2},
  journaltitle = {ACM Trans. Graph.},
  author = {Martinet, Aurélien and Soler, Cyril and Holzschuch, Nicolas and Sillion, François X.},
  date = {2006-04},
  pages = {439--464},
  file = {Martinet et al_2006_Accurate Detection of Symmetries in 3D Shapes.pdf:/home/jlowens/.zotero/zotero/twqp5xzs.default/zotero/storage/VSRVU7F5/Martinet et al_2006_Accurate Detection of Symmetries in 3D Shapes.pdf:application/pdf}
}

@inproceedings{potapova_local_2012,
  title = {Local 3d Symmetry for Visual Saliency in 2.5 d Point Clouds},
  url = {http://link.springer.com/chapter/10.1007/978-3-642-37331-2_33},
  timestamp = {2016-12-04T22:26:45Z},
  booktitle = {Asian {{Conference}} on {{Computer Vision}}},
  publisher = {{Springer}},
  author = {Potapova, Ekaterina and Zillich, Michael and Vincze, Markus},
  urldate = {2016-12-04},
  date = {2012},
  pages = {434--445},
  file = {lp-duality.pdf:/home/jlowens/.zotero/zotero/twqp5xzs.default/zotero/storage/5AAHUVTZ/lp-duality.pdf:application/pdf;chp%3A10.1007%2F978-3-642-37331-2_33.pdf:/home/jlowens/.zotero/zotero/twqp5xzs.default/zotero/storage/DTDKZAGJ/chp%3A10.1007%2F978-3-642-37331-2_33.pdf:application/pdf}
}

@inproceedings{mitra_partial_2006,
  title = {Partial and Approximate Symmetry Detection for {{3D}} Geometry},
  volume = {25},
  url = {http://dl.acm.org/citation.cfm?id=1141924},
  timestamp = {2016-12-09T17:18:31Z},
  booktitle = {{{ACM Transactions}} on {{Graphics}} ({{TOG}})},
  publisher = {{ACM}},
  author = {Mitra, Niloy J. and Guibas, Leonidas J. and Pauly, Mark},
  urldate = {2016-12-09},
  date = {2006},
  pages = {560--568},
  file = {mitra-et-al-2006.pdf:/home/jlowens/.zotero/zotero/twqp5xzs.default/zotero/storage/SAZKXWA8/mitra-et-al-2006.pdf:application/pdf}
}

@incollection{atadjanov_reflection_2016,
  location = {{Cham}},
  title = {Reflection {{Symmetry Detection}} via {{Appearance}} of {{Structure Descriptor}}},
  isbn = {978-3-319-46487-9},
  url = {http://dx.doi.org/10.1007/978-3-319-46487-9_1},
  timestamp = {2016-12-12T14:15:49Z},
  booktitle = {Computer {{Vision}} – {{ECCV}} 2016: 14th {{European Conference}}, {{Amsterdam}}, {{The Netherlands}}, {{October}} 11-14, 2016, {{Proceedings}}, {{Part III}}},
  publisher = {{Springer International Publishing}},
  author = {Atadjanov, Ibragim R. and Lee, Seungkyu},
  editor = {Leibe, Bastian and Matas, Jiri and Sebe, Nicu and Welling, Max},
  date = {2016},
  pages = {3--18},
  file = {Atadjanov_Lee_2016_Reflection Symmetry Detection via Appearance of Structure Descriptor.pdf:/home/jlowens/.zotero/zotero/twqp5xzs.default/zotero/storage/KJ6RHP8J/Atadjanov_Lee_2016_Reflection Symmetry Detection via Appearance of Structure Descriptor.pdf:application/pdf}
}

@incollection{loy_detecting_2006,
  location = {{Berlin, Heidelberg}},
  title = {Detecting {{Symmetry}} and {{Symmetric Constellations}} of {{Features}}},
  isbn = {978-3-540-33835-2},
  url = {http://dx.doi.org/10.1007/11744047_39},
  timestamp = {2016-12-12T14:39:27Z},
  booktitle = {Computer {{Vision}} – {{ECCV}} 2006: 9th {{European Conference}} on {{Computer Vision}}, {{Graz}}, {{Austria}}, {{May}} 7-13, 2006. {{Proceedings}}, {{Part II}}},
  publisher = {{Springer Berlin Heidelberg}},
  author = {Loy, Gareth and Eklundh, Jan-Olof},
  editor = {Leonardis, Aleš and Bischof, Horst and Pinz, Axel},
  date = {2006},
  pages = {508--521},
  file = {Loy_Eklundh_2006_Detecting Symmetry and Symmetric Constellations of Features.pdf:/home/jlowens/.zotero/zotero/twqp5xzs.default/zotero/storage/D9RBGV65/Loy_Eklundh_2006_Detecting Symmetry and Symmetric Constellations of Features.pdf:application/pdf}
}

@inproceedings{liu_scale_2012,
  title = {The Scale of Edges},
  url = {http://ieeexplore.ieee.org/xpls/abs_all.jsp?arnumber=6247709},
  timestamp = {2016-12-12T14:51:51Z},
  booktitle = {Computer {{Vision}} and {{Pattern Recognition}} ({{CVPR}}), 2012 {{IEEE Conference}} On},
  publisher = {{IEEE}},
  author = {Liu, Xian-Ming and Wang, Changhu and Yao, Hongxun and Zhang, Lei},
  urldate = {2016-12-12},
  date = {2012},
  pages = {462--469},
  file = {06247709.pdf:/home/jlowens/.zotero/zotero/twqp5xzs.default/zotero/storage/PX3FJSHG/06247709.pdf:application/pdf}
}

@inproceedings{yan_perspective_2016,
  location = {{Barcelona, Spain}},
  title = {Perspective {{Transforer Nets}}: {{Learning Single}}-{{View 3D Object Reconstruction}} without {{3D Supervision}}},
  eventtitle = {30th Conference on Neural Information Processing Systems},
  timestamp = {2016-12-12T16:07:13Z},
  author = {Yan and Yang and Yumer and Guo and Lee, Honglak},
  date = {2016},
  file = {nips2016-perspectiveTransformer.pdf:/home/jlowens/.zotero/zotero/twqp5xzs.default/zotero/storage/RBCF3NQX/nips2016-perspectiveTransformer.pdf:application/pdf}
}

@article{riegler_octnet:_2016,
  title = {{{OctNet}}: {{Learning Deep 3D Representations}} at {{High Resolutions}}},
  url = {https://arxiv.org/abs/1611.05009},
  shorttitle = {{{OctNet}}},
  timestamp = {2016-12-12T16:21:37Z},
  journaltitle = {arXiv preprint arXiv:1611.05009},
  author = {Riegler, Gernot and Ulusoys, Ali Osman and Geiger, Andreas},
  urldate = {2016-12-12},
  date = {2016},
  file = {Riegler et al_2016_OctNet.pdf:/home/jlowens/.zotero/zotero/twqp5xzs.default/zotero/storage/4XD8AM28/Riegler et al_2016_OctNet.pdf:application/pdf}
}

@inproceedings{wu_learning_2016,
  title = {Learning a Probabilistic Latent Space of Object Shapes via 3d Generative-Adversarial Modeling},
  url = {http://papers.nips.cc/paper/6096-learning-sparse-gaussian-graphical-models-with-overlapping-blocks},
  timestamp = {2016-12-12T16:54:42Z},
  booktitle = {Advances in {{Neural Information Processing Systems}}},
  author = {Wu, Jiajun and Zhang, Chengkai and Xue, Tianfan and Freeman, Bill and Tenenbaum, Josh},
  urldate = {2016-12-12},
  date = {2016},
  pages = {82--90},
  file = {3dgan_nips.pdf:/home/jlowens/.zotero/zotero/twqp5xzs.default/zotero/storage/UHBBZRC7/3dgan_nips.pdf:application/pdf}
}

@article{li_fpnn:_2016,
  title = {{{FPNN}}: {{Field Probing Neural Networks}} for {{3D Data}}},
  volume = {abs/1605.06240},
  url = {http://arxiv.org/abs/1605.06240},
  timestamp = {2016-12-12T16:55:24Z},
  journaltitle = {CoRR},
  author = {Li, Yangyan and Pirk, Sören and Su, Hao and Qi, Charles Ruizhongtai and Guibas, Leonidas J.},
  date = {2016},
  file = {Li et al_2016_FPNN.pdf:/home/jlowens/.zotero/zotero/twqp5xzs.default/zotero/storage/UI36RKP8/Li et al_2016_FPNN.pdf:application/pdf}
}

@article{choy_3d-r2n2:_2016,
  title = {3d-R2n2: {{A}} Unified Approach for Single and Multi-View 3d Object Reconstruction},
  url = {http://arxiv.org/abs/1604.00449},
  shorttitle = {3d-R2n2},
  timestamp = {2016-12-12T16:56:08Z},
  journaltitle = {arXiv preprint arXiv:1604.00449},
  author = {Choy, Christopher B. and Xu, Danfei and Gwak, JunYoung and Chen, Kevin and Savarese, Silvio},
  urldate = {2016-12-12},
  date = {2016},
  file = {Choy et al_2016_3d-r2n2.pdf:/home/jlowens/.zotero/zotero/twqp5xzs.default/zotero/storage/KG8BUAVB/Choy et al_2016_3d-r2n2.pdf:application/pdf}
}

@article{girdhar_learning_2016,
  title = {Learning a {{Predictable}} and {{Generative Vector Representation}} for {{Objects}}},
  volume = {abs/1603.08637},
  url = {http://arxiv.org/abs/1603.08637},
  timestamp = {2016-12-12T16:57:11Z},
  journaltitle = {CoRR},
  author = {Girdhar, Rohit and Fouhey, David F. and Rodriguez, Mikel and Gupta, Abhinav},
  date = {2016},
  file = {Girdhar et al_2016_Learning a Predictable and Generative Vector Representation for Objects.pdf:/home/jlowens/.zotero/zotero/twqp5xzs.default/zotero/storage/A8SPXRHF/Girdhar et al_2016_Learning a Predictable and Generative Vector Representation for Objects.pdf:application/pdf}
}

@incollection{wu_single_2016,
  location = {{Cham}},
  title = {Single {{Image 3D Interpreter Network}}},
  isbn = {978-3-319-46466-4},
  url = {http://dx.doi.org/10.1007/978-3-319-46466-4_22},
  timestamp = {2016-12-12T16:58:34Z},
  booktitle = {Computer {{Vision}} – {{ECCV}} 2016: 14th {{European Conference}}, {{Amsterdam}}, {{The Netherlands}}, {{October}} 11-14, 2016, {{Proceedings}}, {{Part VI}}},
  publisher = {{Springer International Publishing}},
  author = {Wu, Jiajun and Xue, Tianfan and Lim, Joseph J. and Tian, Yuandong and Tenenbaum, Joshua B. and Torralba, Antonio and Freeman, William T.},
  editor = {Leibe, Bastian and Matas, Jiri and Sebe, Nicu and Welling, Max},
  date = {2016},
  pages = {365--382},
  file = {Wu et al_2016_Single Image 3D Interpreter Network.pdf:/home/jlowens/.zotero/zotero/twqp5xzs.default/zotero/storage/6ZHH67JJ/Wu et al_2016_Single Image 3D Interpreter Network.pdf:application/pdf}
}

@online{_cs331b:_????,
  title = {{{CS331B}}: {{Representation Learning}} in {{Computer Vision}}},
  url = {http://web.stanford.edu/class/cs331b/},
  timestamp = {2016-12-12T17:15:17Z},
  urldate = {2016-12-12},
  file = {CS331B\: Representation Learning in Computer Vision:/home/jlowens/.zotero/zotero/twqp5xzs.default/zotero/storage/H82H3RHC/cs331b.html:text/html}
}

@inproceedings{rock_completing_2015,
  title = {Completing 3d Object Shape from One Depth Image},
  url = {http://www.cv-foundation.org/openaccess/content_cvpr_2015/html/Rock_Completing_3D_Object_2015_CVPR_paper.html},
  timestamp = {2016-12-12T18:08:24Z},
  booktitle = {Proceedings of the {{IEEE Conference}} on {{Computer Vision}} and {{Pattern Recognition}}},
  author = {Rock, Jason and Gupta, Tanmay and Thorsen, Justin and Gwak, JunYoung and Shin, Daeyun and Hoiem, Derek},
  urldate = {2016-12-12},
  date = {2015},
  pages = {2484--2493},
  file = {rock_shape_cvpr2015.pdf:/home/jlowens/.zotero/zotero/twqp5xzs.default/zotero/storage/CGAK7EV2/rock_shape_cvpr2015.pdf:application/pdf}
}

@article{DBLP:journals/corr/RenHG015,
  title = {Faster {{R}}-{{CNN}}: {{Towards Real}}-{{Time Object Detection}} with {{Region Proposal Networks}}},
  volume = {abs/1506.01497},
  url = {http://arxiv.org/abs/1506.01497},
  timestamp = {2016-12-14T19:37:59Z},
  journaltitle = {CoRR},
  author = {Ren, Shaoqing and He, Kaiming and Girshick, Ross B. and Sun, Jian},
  date = {2015},
  file = {Ren et al_2015_Faster R-CNN.pdf:/home/jlowens/.zotero/zotero/twqp5xzs.default/zotero/storage/MAM34VSS/Ren et al_2015_Faster R-CNN.pdf:application/pdf},
  biburl = {http://dblp.uni-trier.de/rec/bib/journals/corr/RenHG015},
  bibsource = {dblp computer science bibliography, http://dblp.org}
}

@inproceedings{woodford_contraction_2012,
  title = {Contraction Moves for Geometric Model Fitting},
  url = {http://link.springer.com/chapter/10.1007/978-3-642-33786-4_14},
  timestamp = {2016-12-19T21:47:56Z},
  booktitle = {European {{Conference}} on {{Computer Vision}}},
  publisher = {{Springer}},
  author = {Woodford, Oliver J. and Pham, Minh-Tri and Maki, Atsuto and Gherardi, Riccardo and Perbet, Frank and Stenger, Björn},
  urldate = {2016-12-19},
  date = {2012},
  pages = {181--194},
  file = {Woodford et al_2012_Contraction moves for geometric model fitting.pdf:/home/jlowens/.zotero/zotero/twqp5xzs.default/zotero/storage/RR64MKHC/Woodford et al_2012_Contraction moves for geometric model fitting.pdf:application/pdf}
}

@inproceedings{alexe_what_2010,
  title = {What Is an Object?},
  url = {http://ieeexplore.ieee.org/xpls/abs_all.jsp?arnumber=5540226},
  timestamp = {2016-12-22T21:33:54Z},
  booktitle = {Computer {{Vision}} and {{Pattern Recognition}} ({{CVPR}}), 2010 {{IEEE Conference}} On},
  publisher = {{IEEE}},
  author = {Alexe, Bogdan and Deselaers, Thomas and Ferrari, Vittorio},
  urldate = {2016-12-22},
  date = {2010},
  pages = {73--80},
  file = {Alexe et al_2010_What is an object.pdf:/home/jlowens/.zotero/zotero/twqp5xzs.default/zotero/storage/9QFW3TTC/Alexe et al_2010_What is an object.pdf:application/pdf}
}

@article{garcia_fitting_2009,
  title = {Fitting Primitive Shapes to Point Clouds for Robotic Grasping},
  url = {http://kiosk.nada.kth.se/utbildning/grukth/exjobb/rapportlistor/2009/rapporter09/garcia_sergio_09131.pdf},
  timestamp = {2016-12-24T22:29:50Z},
  journaltitle = {Master of Science Thesis. School of Computer Science and Communication, Royal Institute of Technology, Stockholm, Sweden},
  author = {Garcia, Sergio},
  urldate = {2016-12-24},
  date = {2009},
  file = {Garcia_2009_Fitting primitive shapes to point clouds for robotic grasping.pdf:/home/jlowens/.zotero/zotero/twqp5xzs.default/zotero/storage/TAXCPD7J/Garcia_2009_Fitting primitive shapes to point clouds for robotic grasping.pdf:application/pdf}
}

@inproceedings{berner_graph-based_2008,
  title = {A {{Graph}}-{{Based Approach}} to {{Symmetry Detection}}.},
  volume = {40},
  url = {http://www.cs.princeton.edu/courses/archive/spring11/cos598A/pdfs/Berner08.pdf},
  timestamp = {2016-12-28T16:27:36Z},
  booktitle = {Volume {{Graphics}}},
  author = {Berner, Alexander and Bokeloh, Martin and Wand, Michael and Schilling, Andreas and Seidel, Hans-Peter},
  urldate = {2016-12-28},
  date = {2008},
  pages = {1--8},
  file = {Berner et al_2008_A Graph-Based Approach to Symmetry Detection.pdf:/home/jlowens/.zotero/zotero/twqp5xzs.default/zotero/storage/9KHAJ6AG/Berner et al_2008_A Graph-Based Approach to Symmetry Detection.pdf:application/pdf}
}

@article{mitra_symmetry_2013-1,
  title = {Symmetry in {{3D Geometry}}: {{Extraction}} and {{Applications}}},
  volume = {32},
  issn = {1467-8659},
  url = {http://dx.doi.org/10.1111/cgf.12010},
  doi = {10.1111/cgf.12010},
  timestamp = {2016-12-28T16:39:30Z},
  number = {6},
  journaltitle = {Computer Graphics Forum},
  author = {Mitra, Niloy J. and Pauly, Mark and Wand, Michael and Ceylan, Duygu},
  date = {2013},
  pages = {1--23},
  keywords = {I.3.7 [Computer Graphics]: I.3.5 Computational Geometry and Object ModelingGeometric algorithms,languages,shape analysis,symmetry detection,systems,transformation groups},
  file = {Mitra et al_2013_Symmetry in 3D Geometry.pdf:/home/jlowens/.zotero/zotero/twqp5xzs.default/zotero/storage/Q483VWN4/Mitra et al_2013_Symmetry in 3D Geometry.pdf:application/pdf}
}

@article{yoon_depth_2015,
  title = {Depth Map Enhancement Using Adaptive Moving Least Squares Method with a Total Variation Minimization},
  issn = {1380-7501, 1573-7721},
  url = {http://link.springer.com/10.1007/s11042-015-2905-x},
  doi = {10.1007/s11042-015-2905-x},
  timestamp = {2016-12-28T17:39:33Z},
  langid = {english},
  journaltitle = {Multimedia Tools and Applications},
  author = {Yoon, Sang Min and Yoon, Jungho},
  urldate = {2016-12-28},
  date = {2015-09-02},
  file = {Yoon_Yoon_2015_Depth map enhancement using adaptive moving least squares method with a total.pdf:/home/jlowens/.zotero/zotero/twqp5xzs.default/zotero/storage/XIVPDSP6/Yoon_Yoon_2015_Depth map enhancement using adaptive moving least squares method with a total.pdf:application/pdf}
}

@online{_making_????,
  title = {Making Publication Ready {{Python Notebooks}}},
  url = {http://blog.juliusschulz.de/blog/ultimate-ipython-notebook},
  timestamp = {2017-01-09T03:00:18Z},
  urldate = {2017-01-09},
  file = {Making publication ready Python Notebooks:/home/jlowens/.zotero/zotero/twqp5xzs.default/zotero/storage/IGMWZ2GS/ultimate-ipython-notebook.html:text/html}
}

@inproceedings{bokeloh_symmetry_2009,
  title = {Symmetry Detection Using Feature Lines},
  volume = {28},
  url = {http://onlinelibrary.wiley.com/doi/10.1111/j.1467-8659.2009.01410.x/full},
  timestamp = {2017-01-11T23:33:46Z},
  booktitle = {Computer {{Graphics Forum}}},
  publisher = {{Wiley Online Library}},
  author = {Bokeloh, Martin and Berner, Alexander and Wand, Michael and Seidel, H.-P. and Schilling, Andreas},
  urldate = {2017-01-11},
  date = {2009},
  pages = {697--706},
  file = {SymmetryDetectionUsingFeatureLines.pdf:/home/jlowens/.zotero/zotero/twqp5xzs.default/zotero/storage/GWEDWEA3/SymmetryDetectionUsingFeatureLines.pdf:application/pdf}
}

@article{podolak_planar-reflective_2006,
  title = {A Planar-Reflective Symmetry Transform for {{3D}} Shapes},
  volume = {25},
  url = {http://dl.acm.org/citation.cfm?id=1141923},
  timestamp = {2017-01-12T19:23:13Z},
  number = {3},
  journaltitle = {ACM Transactions on Graphics (TOG)},
  author = {Podolak, Joshua and Shilane, Philip and Golovinskiy, Aleksey and Rusinkiewicz, Szymon and Funkhouser, Thomas},
  urldate = {2017-01-12},
  date = {2006},
  pages = {549--559},
  file = {symmpaper.pdf:/home/jlowens/.zotero/zotero/twqp5xzs.default/zotero/storage/N4TXAFU5/symmpaper.pdf:application/pdf}
}

@online{_detection_????,
  title = {Detection of {{Symmetries}} and {{Repeated Patterns}} in {{3D Point Cloud Data}} - {{VideoLectures}}.{{NET}}},
  url = {http://videolectures.net/etvc08_guibas_dosarp/},
  timestamp = {2017-01-13T15:36:49Z},
  urldate = {2017-01-13},
  file = {Detection of Symmetries and Repeated Patterns in 3D Point Cloud Data - VideoLectures.NET:/home/jlowens/.zotero/zotero/twqp5xzs.default/zotero/storage/9WTGFIEQ/etvc08_guibas_dosarp.html:text/html}
}

@inproceedings{ecins_cluttered_2016,
  title = {Cluttered {{Scene}} Segmentation Using the Symmetry Constraint},
  timestamp = {2017-01-13T16:18:03Z},
  booktitle = {{{IEEE Int}}’l {{Conference}} on {{Robotics}} and {{Automation}}},
  author = {Ecins, C. Fermuller and Aloimonos, Y.},
  date = {2016},
  file = {symmetry_segmentation_ICRA16.pdf:/home/jlowens/.zotero/zotero/twqp5xzs.default/zotero/storage/7S7IWRH9/symmetry_segmentation_ICRA16.pdf:application/pdf}
}

@online{_github_????,
  title = {{{GitHub}} - Ankurhanda/Gvnn: Gvnn: {{Geometric Vision}} with {{Neural Networks}}},
  url = {https://github.com/ankurhanda/gvnn},
  timestamp = {2017-01-23T16:22:09Z},
  urldate = {2017-01-23},
  file = {GitHub - ankurhanda/gvnn\: gvnn\: Geometric Vision with Neural Networks:/home/jlowens/.zotero/zotero/twqp5xzs.default/zotero/storage/9TBT4WN7/gvnn.html:text/html}
}

@article{handa_gvnn:_2016,
  title = {Gvnn: {{Neural Network Library}} for {{Geometric Computer Vision}}},
  url = {http://arxiv.org/abs/1607.07405},
  shorttitle = {Gvnn},
  abstract = {We introduce gvnn, a neural network library in Torch aimed towards bridging the gap between classic geometric computer vision and deep learning. Inspired by the recent success of Spatial Transformer Networks, we propose several new layers which are often used as parametric transformations on the data in geometric computer vision. These layers can be inserted within a neural network much in the spirit of the original spatial transformers and allow backpropagation to enable end-to-end learning of a network involving any domain knowledge in geometric computer vision. This opens up applications in learning invariance to 3D geometric transformation for place recognition, end-to-end visual odometry, depth estimation and unsupervised learning through warping with a parametric transformation for image reconstruction error.},
  timestamp = {2017-01-23T17:48:29Z},
  archivePrefix = {arXiv},
  eprinttype = {arxiv},
  eprint = {1607.07405},
  primaryClass = {cs},
  author = {Handa, Ankur and Bloesch, Michael and Patraucean, Viorica and Stent, Simon and McCormac, John and Davison, Andrew},
  urldate = {2017-01-23},
  date = {2016-07-25},
  keywords = {Computer Science - Computer Vision and Pattern Recognition,Computer Science - Learning},
  file = {Handa et al_2016_gvnn.pdf:/home/jlowens/.zotero/zotero/twqp5xzs.default/zotero/storage/CWVXS8BH/Handa et al_2016_gvnn.pdf:application/pdf;arXiv.org Snapshot:/home/jlowens/.zotero/zotero/twqp5xzs.default/zotero/storage/4U5ZGMQQ/1607.html:text/html}
}

@article{tulsiani_shape_2015,
  title = {Shape and {{Symmetry Induction}} for {{3D Objects}}},
  url = {https://arxiv.org/abs/1511.07845},
  timestamp = {2017-02-09T13:46:39Z},
  journaltitle = {arXiv preprint arXiv:1511.07845},
  author = {Tulsiani, Shubham and Kar, Abhishek and Huang, Qixing and Carreira, Joao and Malik, Jitendra},
  urldate = {2017-02-09},
  date = {2015},
  file = {1511.07845.pdf:/home/jlowens/.zotero/zotero/twqp5xzs.default/zotero/storage/BMSIGSJM/1511.07845.pdf:application/pdf}
}

@article{qi_volumetric_2016,
  title = {Volumetric and {{Multi}}-{{View CNNs}} for {{Object Classification}} on {{3D Data}}},
  url = {http://arxiv.org/abs/1604.03265},
  abstract = {3D shape models are becoming widely available and easier to capture, making available 3D information crucial for progress in object classification. Current state-of-the-art methods rely on CNNs to address this problem. Recently, we witness two types of CNNs being developed: CNNs based upon volumetric representations versus CNNs based upon multi-view representations. Empirical results from these two types of CNNs exhibit a large gap, indicating that existing volumetric CNN architectures and approaches are unable to fully exploit the power of 3D representations. In this paper, we aim to improve both volumetric CNNs and multi-view CNNs according to extensive analysis of existing approaches. To this end, we introduce two distinct network architectures of volumetric CNNs. In addition, we examine multi-view CNNs, where we introduce multi-resolution filtering in 3D. Overall, we are able to outperform current state-of-the-art methods for both volumetric CNNs and multi-view CNNs. We provide extensive experiments designed to evaluate underlying design choices, thus providing a better understanding of the space of methods available for object classification on 3D data.},
  timestamp = {2017-02-11T19:37:10Z},
  archivePrefix = {arXiv},
  eprinttype = {arxiv},
  eprint = {1604.03265},
  primaryClass = {cs},
  author = {Qi, Charles R. and Su, Hao and Niessner, Matthias and Dai, Angela and Yan, Mengyuan and Guibas, Leonidas J.},
  urldate = {2017-02-11},
  date = {2016-04-12},
  keywords = {Computer Science - Artificial Intelligence,Computer Science - Computer Vision and Pattern Recognition},
  file = {Qi et al_2016_Volumetric and Multi-View CNNs for Object Classification on 3D Data.pdf:/home/jlowens/.zotero/zotero/twqp5xzs.default/zotero/storage/M7QAMS8D/Qi et al_2016_Volumetric and Multi-View CNNs for Object Classification on 3D Data.pdf:application/pdf;arXiv.org Snapshot:/home/jlowens/.zotero/zotero/twqp5xzs.default/zotero/storage/QCMK2XPV/1604.html:text/html}
}

@article{lin_network_2013,
  title = {Network {{In Network}}},
  url = {http://arxiv.org/abs/1312.4400},
  abstract = {We propose a novel deep network structure called "Network In Network" (NIN) to enhance model discriminability for local patches within the receptive field. The conventional convolutional layer uses linear filters followed by a nonlinear activation function to scan the input. Instead, we build micro neural networks with more complex structures to abstract the data within the receptive field. We instantiate the micro neural network with a multilayer perceptron, which is a potent function approximator. The feature maps are obtained by sliding the micro networks over the input in a similar manner as CNN; they are then fed into the next layer. Deep NIN can be implemented by stacking mutiple of the above described structure. With enhanced local modeling via the micro network, we are able to utilize global average pooling over feature maps in the classification layer, which is easier to interpret and less prone to overfitting than traditional fully connected layers. We demonstrated the state-of-the-art classification performances with NIN on CIFAR-10 and CIFAR-100, and reasonable performances on SVHN and MNIST datasets.},
  timestamp = {2017-02-11T20:11:54Z},
  archivePrefix = {arXiv},
  eprinttype = {arxiv},
  eprint = {1312.4400},
  primaryClass = {cs},
  author = {Lin, Min and Chen, Qiang and Yan, Shuicheng},
  urldate = {2017-02-11},
  date = {2013-12-16},
  keywords = {Computer Science - Computer Vision and Pattern Recognition,Computer Science - Learning,Computer Science - Neural and Evolutionary Computing},
  file = {Lin et al_2013_Network In Network.pdf:/home/jlowens/.zotero/zotero/twqp5xzs.default/zotero/storage/5TM9NKA2/Lin et al_2013_Network In Network.pdf:application/pdf;arXiv.org Snapshot:/home/jlowens/.zotero/zotero/twqp5xzs.default/zotero/storage/VAXF8552/1312.html:text/html}
}

@article{de_boer_tutorial_2005,
  title = {A Tutorial on the Cross-Entropy Method},
  volume = {134},
  url = {http://link.springer.com/article/10.1007/s10479-005-5724-z},
  timestamp = {2017-02-16T19:01:37Z},
  number = {1},
  journaltitle = {Annals of operations research},
  author = {De Boer, Pieter-Tjerk and Kroese, Dirk P. and Mannor, Shie and Rubinstein, Reuven Y.},
  urldate = {2017-02-16},
  date = {2005},
  pages = {19--67},
  file = {fulltext.pdf:/home/jlowens/.zotero/zotero/twqp5xzs.default/zotero/storage/D3PPKVNM/fulltext.pdf:application/pdf}
}

@article{kazhdan_reflective_2004,
  title = {A Reflective Symmetry Descriptor for {{3D}} Models},
  volume = {38},
  url = {http://link.springer.com/article/10.1007/s00453-003-1050-5},
  timestamp = {2017-03-05T00:13:02Z},
  number = {1},
  journaltitle = {Algorithmica},
  author = {Kazhdan, Michael and Chazelle, Bernard and Dobkin, David and Funkhouser, Thomas and Rusinkiewicz, Szymon},
  urldate = {2017-03-05},
  date = {2004},
  pages = {201--225},
  file = {af86dcc5851bb69aaeafb9fb37fc08fc5d94.pdf:/home/jlowens/.zotero/zotero/twqp5xzs.default/zotero/storage/TMG375AI/af86dcc5851bb69aaeafb9fb37fc08fc5d94.pdf:application/pdf}
}

@article{lee_framework_2015,
  title = {A {{Framework}} for {{Symmetric Part Detection}} in {{Cluttered Scenes}}},
  volume = {7},
  issn = {2073-8994},
  url = {http://www.mdpi.com/2073-8994/7/3/1333/},
  doi = {10.3390/sym7031333},
  timestamp = {2017-03-05T00:13:16Z},
  langid = {english},
  number = {3},
  journaltitle = {Symmetry},
  author = {Lee, Tom and Fidler, Sanja and Levinshtein, Alex and Sminchisescu, Cristian and Dickinson, Sven},
  urldate = {2017-03-05},
  date = {2015-07-20},
  pages = {1333--1351},
  file = {symmetry-07-01333.pdf:/home/jlowens/.zotero/zotero/twqp5xzs.default/zotero/storage/XSANKQG7/symmetry-07-01333.pdf:application/pdf}
}

@article{farell_perception_2015,
  title = {The {{Perception}} of {{Symmetry}} in {{Depth}}: {{Effect}} of {{Symmetry Plane Orientation}}},
  volume = {7},
  issn = {2073-8994},
  url = {http://www.mdpi.com/2073-8994/7/2/336/},
  doi = {10.3390/sym7020336},
  shorttitle = {The {{Perception}} of {{Symmetry}} in {{Depth}}},
  timestamp = {2017-03-05T00:13:30Z},
  langid = {english},
  number = {2},
  journaltitle = {Symmetry},
  author = {Farell, Bart},
  urldate = {2017-03-05},
  date = {2015-04-03},
  pages = {336--353},
  file = {symmetry-07-00336.pdf:/home/jlowens/.zotero/zotero/twqp5xzs.default/zotero/storage/HHGWKTDT/symmetry-07-00336.pdf:application/pdf}
}

@inproceedings{gens_deep_2014,
  title = {Deep Symmetry Networks},
  url = {http://papers.nips.cc/paper/5424-deep-symmetry-networks},
  timestamp = {2017-03-10T22:50:16Z},
  booktitle = {Advances in Neural Information Processing Systems},
  author = {Gens, Robert and Domingos, Pedro M.},
  urldate = {2017-03-10},
  date = {2014},
  pages = {2537--2545},
  file = {nips14.pdf:/home/jlowens/.zotero/zotero/twqp5xzs.default/zotero/storage/7MQNUG5T/nips14.pdf:application/pdf}
}

@article{dai_shape_2016,
  title = {Shape {{Completion}} Using {{3D}}-{{Encoder}}-{{Predictor CNNs}} and {{Shape Synthesis}}},
  url = {https://arxiv.org/abs/1612.00101},
  timestamp = {2017-03-17T18:14:49Z},
  journaltitle = {arXiv preprint arXiv:1612.00101},
  author = {Dai, Angela and Qi, Charles Ruizhongtai and Nie$\backslash$s sner, Matthias},
  urldate = {2017-03-17},
  date = {2016},
  file = {1612.00101.pdf:/home/jlowens/.zotero/zotero/twqp5xzs.default/zotero/storage/4E7C498E/1612.00101.pdf:application/pdf}
}

@article{tulsiani_shape_2015-1,
  title = {Shape and {{Symmetry Induction}} for {{3D Objects}}},
  url = {https://arxiv.org/abs/1511.07845},
  timestamp = {2017-03-17T18:14:58Z},
  journaltitle = {arXiv preprint arXiv:1511.07845},
  author = {Tulsiani, Shubham and Kar, Abhishek and Huang, Qixing and Carreira, Joao and Malik, Jitendra},
  urldate = {2017-03-17},
  date = {2015},
  file = {1511.07845.pdf:/home/jlowens/.zotero/zotero/twqp5xzs.default/zotero/storage/HGADZSZB/1511.07845.pdf:application/pdf}
}

@inproceedings{kazhdan_rotation_2003,
  title = {Rotation {{Invariant Spherical Harmonic Representation}} of {{3D Shape Descriptors}}},
  timestamp = {2017-03-17T22:31:37Z},
  booktitle = {Symposium on {{Geometry Processing}}},
  author = {Kazhdan, Michael and Funkhouser, Thomas and Rusinkiewicz, Szymon},
  date = {2003-06},
  file = {Kazhdan et al_2003_Rotation Invariant Spherical Harmonic Representation of 3D Shape Descriptors.pdf:/home/jlowens/.zotero/zotero/twqp5xzs.default/zotero/storage/A4SUXNI2/Kazhdan et al_2003_Rotation Invariant Spherical Harmonic Representation of 3D Shape Descriptors.pdf:application/pdf}
}

@inproceedings{olatunbosun_topological_1996,
  title = {Topological Representation for Matching Coloured Surfaces},
  volume = {3},
  doi = {10.1109/ICIP.1996.561003},
  abstract = {This paper discusses the problem of trying to distinguish multi-coloured objects which share similar colours. It introduces the colour region adjacency graph (CRAG) which describes the arrangement of colours on an object's surface followed by a graph matching procedure to recognise like and unlike objects. The paper also shows how the CRAG representation can be used to locate a model in a test image},
  eventtitle = {Proceedings of 3rd IEEE International Conference on Image Processing},
  timestamp = {2017-03-17T22:37:37Z},
  booktitle = {Proceedings of 3rd {{IEEE International Conference}} on {{Image Processing}}},
  author = {Olatunbosun, S. and Dowling, G. R. and Ellis, T. J.},
  date = {1996-09},
  pages = {1019--1022 vol.3},
  keywords = {Bonding,coloured surfaces matching,colour region adjacency graph,CRAG representation,Face detection,graph colouring,graph matching procedure,Heuristic algorithms,image colour analysis,Image databases,image matching,Image representation,Image segmentation,Labeling,Machine Vision,model location,multi-coloured objects,Object recognition,Pixel,Shape,Testing,topological representation,topology},
  file = {Olatunbosun et al_1996_Topological representation for matching coloured surfaces.pdf:/home/jlowens/.zotero/zotero/twqp5xzs.default/zotero/storage/CBUVUV89/Olatunbosun et al_1996_Topological representation for matching coloured surfaces.pdf:application/pdf;IEEE Xplore Abstract Record:/home/jlowens/.zotero/zotero/twqp5xzs.default/zotero/storage/TJ2ZIAN7/561003.html:text/html}
}

@inproceedings{niepert_learning_2016,
  title = {Learning Convolutional Neural Networks for Graphs},
  url = {http://www.jmlr.org/proceedings/papers/v48/niepert16.pdf},
  timestamp = {2017-03-17T22:45:14Z},
  booktitle = {Proceedings of the 33rd Annual International Conference on Machine Learning. {{ACM}}},
  author = {Niepert, Mathias and Ahmed, Mohamed and Kutzkov, Konstantin},
  urldate = {2017-03-17},
  date = {2016},
  file = {Niepert et al_2016_Learning convolutional neural networks for graphs.pdf:/home/jlowens/.zotero/zotero/twqp5xzs.default/zotero/storage/RUDKAMNC/Niepert et al_2016_Learning convolutional neural networks for graphs.pdf:application/pdf}
}

@article{kanezaki_rotationnet:_2016,
  title = {{{RotationNet}}: {{Learning Object Classification Using Unsupervised Viewpoint Estimation}}},
  volume = {abs/1603.06208},
  url = {http://arxiv.org/abs/1603.06208},
  timestamp = {2017-03-20T15:10:01Z},
  journaltitle = {CoRR},
  author = {Kanezaki, Asako},
  date = {2016},
  file = {Kanezaki_2016_RotationNet.pdf:/home/jlowens/.zotero/zotero/twqp5xzs.default/zotero/storage/3WK75NBN/Kanezaki_2016_RotationNet.pdf:application/pdf}
}

@book{koffka_principles_1935,
  location = {{New York}},
  title = {Principles of Gestalt Psychology},
  pagetotal = {720},
  timestamp = {2017-04-07T20:35:37Z},
  langid = {english},
  publisher = {{Harcourt, Brace, \& World}},
  author = {Koffka, Kurt},
  date = {1935},
  note = {OCLC: 248396251},
  keywords = {Einführung,Gestaltpsychologie,Gestalt psychology}
}

@online{pinciroli_buzz_????,
  title = {The {{Buzz Programming Language}}},
  url = {http://the.swarming.buzz/},
  abstract = {Buzz is a programming language for heterogeneous robot swarms.},
  timestamp = {2017-04-17T18:53:43Z},
  author = {Pinciroli, Carlo},
  urldate = {2017-04-17},
  file = {Snapshot:/home/jlowens/.zotero/zotero/twqp5xzs.default/zotero/storage/GM3VNNBP/the.swarming.buzz.html:text/html}
}

@inproceedings{funk_symmetry_2016,
  title = {Symmetry {{reCAPTCHA}}},
  isbn = {978-1-4673-8851-1},
  url = {http://ieeexplore.ieee.org/document/7780927/},
  doi = {10.1109/CVPR.2016.558},
  timestamp = {2017-05-21T23:15:37Z},
  publisher = {{IEEE}},
  author = {Funk, Christopher and Liu, Yanxi},
  urldate = {2017-05-21},
  date = {2016-06},
  pages = {5165--5174},
  file = {Funk_LIU_Symmetry_reCAPTCHA_CVPR_2016_paper (1).pdf:/home/jlowens/.zotero/zotero/twqp5xzs.default/zotero/storage/EA9KP6JA/Funk_LIU_Symmetry_reCAPTCHA_CVPR_2016_paper (1).pdf:application/pdf}
}

@article{ke_srn:_2017,
  title = {{{SRN}}: {{Side}}-Output {{Residual Network}} for {{Object Symmetry Detection}} in the {{Wild}}},
  url = {http://arxiv.org/abs/1703.02243},
  shorttitle = {{{SRN}}},
  abstract = {In this paper, we establish a baseline for object symmetry detection in complex backgrounds by presenting a new benchmark and an end-to-end deep learning approach, opening up a promising direction for symmetry detection in the wild. The new benchmark, named Sym-PASCAL, spans challenges including object diversity, multi-objects, part-invisibility, and various complex backgrounds that are far beyond those in existing datasets. The proposed symmetry detection approach, named Side-output Residual Network (SRN), leverages output Residual Units (RUs) to fit the errors between the object symmetry groundtruth and the outputs of RUs. By stacking RUs in a deep-to-shallow manner, SRN exploits the 'flow' of errors among multiple scales to ease the problems of fitting complex outputs with limited layers, suppressing the complex backgrounds, and effectively matching object symmetry of different scales. Experimental results validate both the benchmark and its challenging aspects related to realworld images, and the state-of-the-art performance of our symmetry detection approach. The benchmark and the code for SRN are publicly available at https://github.com/KevinKecc/SRN.},
  timestamp = {2017-05-21T23:15:49Z},
  archivePrefix = {arXiv},
  eprinttype = {arxiv},
  eprint = {1703.02243},
  primaryClass = {cs},
  author = {Ke, Wei and Chen, Jie and Jiao, Jianbin and Zhao, Guoying and Ye, Qixiang},
  urldate = {2017-05-21},
  date = {2017-03-07},
  keywords = {Computer Science - Computer Vision and Pattern Recognition},
  file = {Ke et al_2017_SRN.pdf:/home/jlowens/.zotero/zotero/twqp5xzs.default/zotero/storage/85SU57G8/Ke et al_2017_SRN.pdf:application/pdf;arXiv.org Snapshot:/home/jlowens/.zotero/zotero/twqp5xzs.default/zotero/storage/GQDXSP64/1703.html:text/html}
}

@online{_iccv_????,
  title = {{{ICCV}} '17 {{Workshop}} Challenge - {{Program}}},
  url = {https://sites.google.com/view/symcomp17/program},
  timestamp = {2017-05-25T14:07:15Z},
  urldate = {2017-05-25},
  file = {Snapshot:/home/jlowens/.zotero/zotero/twqp5xzs.default/zotero/storage/ZH9JVAFT/program.html:text/html}
}


